
@online{JW,
    author ="Jordan Wright",
    title = "60 Days of Watching Hackers Attack Elasticsearch",
    year = "2015"
    urlseen = "11-05-15"
    url = "http://jordan-wright.com/blog/2015/05/11/60-days-of-watching-hackers-attack-elasticsearch/",
    }
@online{CVE,
    title     = "Common Vulnerabilities and Exposures:CVE-2015-1427",
    urlseen = "20-09-15",
    url = "https://cve.mitre.org/cgi-bin/cvename.cgi?name=CVE-2015-1427",
    }

@conference{TARA,
    author    = {Rosenquist, M},
    title     = {Prioritizing Info Security Risks with Threat Agent Risk Assessment},
    publisher = "Intel Information Technology",
    year      = "2009"
}

@conference{ROSI,
    author    = {Sonnenreich, W. Albanese J. Stout B},
    title     = {Return On Security Investment (ROSI) – A Practical Quantitative Model},
    publisher = "Journal of Research and Practice in Information Technology",
    year      = "2006",
    papes     = "55-66"
}

@conference{BR2010,
    author    = {Böhme, R.},
    title     = {Security metrics and security investment models},
    booktitle = {Advances in Information and Computer Security},
    publisher = "Springer Berlin Heidelberg",
    year      = "2010",
    pages     = "10-24"
}
@conference{AR2013,
    author    = {Anderson, R. and et al.},
    title     = {Measuring the cost of cybercrime},
    booktitle = {The economics of information security and privacy},
    publisher = "Springer Berlin Heidelberg",
    year      = "2013",
    pages     = "265-300"
}
@conference{GJ2007,
    author    = {Grizzard and  Julian B. and  et al.},
    title     = {Peer-to-peer botnets: Overview and case study},
    booktitle = {Proceedings of the first conference on First Workshop on Hot Topics in Understanding Botnets},
    year      = "2007"
}

@conference{AM2006,
    author    = {Abu-Rajab, M. and et al.},
    title     = {A multifaceted approach to understanding the botnet phenomenon},
    booktitle = {Proceedings of the 6th ACM SIGCOMM conference on Internet measurement},
    publisher = "ACM",
    year      = "2006"
}

@conference{AM2005,
    author    = {Andreolini, M. and et al.},
    title     = {Honeyspam: Honeypots fighting spam at the source},
    booktitle = {Proceedings of the Steps to Reducing Unwanted Traffic on the Internet on Steps to Reducing Unwanted Traffic on the Internet Workshop. USENIX Association},
    publisher = "USENIX",
    year      = "2005"
}

@conference{WP2010,
    author    = {Wang, P. and et al.},
    title     = {Honeypot detection in advanced botnet attacks},
    booktitle = {nternational Journal of Information and Computer Security 4.1},
    publisher = "USENIX",
    year      = "2010",
    pages     = "30-51"
}
