%!TEX root = main.tex
@article{stankovic2009defense,
  title={Defense strategies against modern botnets},
  author={Stankovic, Srdjan and Simic, Dejan},
  journal={arXiv preprint arXiv:0906.3768},
  year={2009}
}
@article{ROSI,
  title={Introduction to Return on Security Investment},
  author={ENISA},
  year={2012}
}

@inproceedings{haltas2014automated,
  title={An automated bot detection system through honeypots for large-scale},
  author={Haltas, Fatih and Uzun, Ersin and Siseci, Necati and Posul, Abdulkadir and Emre, Bakir},
  booktitle={Cyber Conflict (CyCon 2014), 2014 6th International Conference On},
  pages={255--270},
  year={2014},
  organization={IEEE}
}
@INPROCEEDINGS{Strayer08botnetdetection,

author = {W. Timothy Strayer and David Lapsely and Robert Walsh and Carl Livadas},

title = {Botnet detection based on network behavior},

booktitle = {In Botnet Detection: Countering the Largest Security},

year = {2008},
    pages = {1--24},

 publisher = {Springer}

}
@online{gb_cost,
    author  = "Brain, M.",
     title   = "What does a gigabyte of Internet service really cost? A look at the worst case scenario",
     urlseen = "11-10-15",
     url     = "http://blogs.howstuffworks.com/brainstuff/what-does-a-gigabyte-of-internet-service-really-cost-a-look-at-the-worst-case-scenario.htm"
}

@online{uaw,
    author  = "Winkler, I.",
     title   = "Security awareness can be the most cost-effective security measure",
     urlseen = "11-10-15",
     url     = "http://www.csoonline.com/article/2131999/metrics-budgets/security-awareness-can-be-the-most-cost-effective-security-measure.html?page=2"
}
@online{ddos,
    author  = "ARBOR",
     title   = "Arbor Networks’ ATLAS Data Shows the Average DDoS Attack Size Increasing",
     urlseen = "11-10-15",
     url     = "http://www.arbornetworks.com/news-and-events/press-releases/recent-press-releases/5451-arbor-networks-atlas-data-shows-the-average-ddos-attack-size-increasing"
}
@online{spam,
    author  = "ACZoom",
     title   = "Spam taking up most of the Internet bandwidth?",
     urlseen = "11-10-15",
     url     = "http://www.aczoom.com/blog/2013-01-07/spam-taking-up-most-of-the-internet-bandwidth"
}
@online{pay,
    author  = "Payscale",
     title   = "Computer Technician Salary",
     urlseen = "11-10-15",
     url     = "http://www.payscale.com/research/US/Job=Computer\_Technician/Hourly\_Rate"
}

@online{report,
     author  = "ACMA",
     title   = "An Overview of International Cyber-Security Awareness Raising and Educational Initiatives (2011)",
     urlseen = "11-10-15",
     url     = "http://www.galexia.com/public/research/assets/gc381\_acma\_cybersecurity\_publication\_version\_20110517\_galexia\_web/print-index.html"
}

@online{china_i_users,
    author  = "Reuters",
     title   = "China's internet population hits 649 million",
     urlseen = "11-10-15",
     url     = "http://www.reuters.com/article/2015/02/03/us-china-internet-idUSKBN0L713L20150203"
}
@online{pear_corr,
    author  = "Jordan Wright",
     title   = "Statistics",
     urlseen = "28-09-15",
     url     = "http://faculty.quinnipiac.edu/libarts/polsci/Statistics.html"
}
@online{map,
    author  = "Jordan Wright",
     title   = "60 Days of Watching Hackers Attack Elasticsearch",
     year    = "2015",
     urlseen = "28-09-15",
     url     = "http://jordan-wright.com/images/blog/elastichoney\_elk/map.png"
}
@online{JW,
    author ="Jordan Wright",
    title = "60 Days of Watching Hackers Attack Elasticsearch",
    year = "2015"
    urlseen = "11-05-15",
    url = "http://jordan-wright.com/blog/2015/05/11/60-days-of-watching-hackers-attack-elasticsearch/",
    }
@online{CVE,
    title     = "Common Vulnerabilities and Exposures:CVE-2015-1427",
    urlseen = "20-09-15",
    url = "https://cve.mitre.org/cgi-bin/cvename.cgi?name=CVE-2015-1427",
    }

@conference{TARA,
    author    = {Rosenquist, M},
    title     = {Prioritizing Info Security Risks with Threat Agent Risk Assessment},
    publisher = "Intel Information Technology",
    year      = "2009"
}

@conference{ROSI,
    author    = {Sonnenreich, W. Albanese J. Stout B},
    title     = {Return On Security Investment (ROSI) – A Practical Quantitative Model},
    publisher = "Journal of Research and Practice in Information Technology",
    year      = "2006",
    papes     = "55-66"
}

@conference{BR2010,
    author    = {Böhme, R.},
    title     = {Security metrics and security investment models},
    booktitle = {Advances in Information and Computer Security},
    publisher = "Springer Berlin Heidelberg",
    year      = "2010",
    pages     = "10-24"
}
@conference{AR2013,
    author    = {Anderson, R. and et al.},
    title     = {Measuring the cost of cybercrime},
    booktitle = {The economics of information security and privacy},
    publisher = "Springer Berlin Heidelberg",
    year      = "2013",
    pages     = "265-300"
}
@conference{GJ2007,
    author    = {Grizzard and  Julian B. and  et al.},
    title     = {Peer-to-peer botnets: Overview and case study},
    booktitle = {Proceedings of the first conference on First Workshop on Hot Topics in Understanding Botnets},
    year      = "2007"
}

@conference{AM2006,
    author    = {Abu-Rajab, M. and et al.},
    title     = {A multifaceted approach to understanding the botnet phenomenon},
    booktitle = {Proceedings of the 6th ACM SIGCOMM conference on Internet measurement},
    publisher = "ACM",
    year      = "2006"
}

@conference{AM2005,
    author    = {Andreolini, M. and et al.},
    title     = {Honeyspam: Honeypots fighting spam at the source},
    booktitle = {Proceedings of the Steps to Reducing Unwanted Traffic on the Internet on Steps to Reducing Unwanted Traffic on the Internet Workshop. USENIX Association},
    publisher = "USENIX",
    year      = "2005"
}

@conference{haltas2014automated,
  title={An automated bot detection system through honeypots for large-scale},
  author={Haltas, Fatih and Uzun, Ersin and Siseci, Necati and Posul, Abdulkadir and Emre, Bakir},
  booktitle={Cyber Conflict (CyCon 2014), 2014 6th International Conference On},
  pages={255--270},
  year={2014},
  organization={IEEE}
}

@conference{WP2010,
    author    = {Wang, P. and et al.},
    title     = {Honeypot detection in advanced botnet attacks},
    booktitle = {nternational Journal of Information and Computer Security 4.1},
    publisher = "USENIX",
    year      = "2010",
    pages     = "30-51"
}
@conference{AM2014,
    author    = {van Rijswijk-Deij. and et al.},
    title     = {Dnssec and its potential for ddos attacks: A comprehensive measurement study},
    booktitle = {Proceedings of the 2014 Conference on Internet Measurement Conference},
    publisher = "ACM",
    year      = "2014",
    }
